<record><leader>00000cas a22000007a 4500</leader><controlfield tag="001">13083026</controlfield><controlfield tag="008">860130d18931uuualuwr ne      0    0eng d</controlfield><controlfield tag="009">2720</controlfield><datafield ind1=" " ind2=" " tag="010"><subfield code="a">sn 86050055 </subfield></datafield><datafield ind1=" " ind2=" " tag="040"><subfield code="a">AAR</subfield><subfield code="b">eng</subfield><subfield code="c">AAR</subfield><subfield code="d">CPN</subfield><subfield code="d">DLC</subfield><subfield code="d">OCLCQ</subfield></datafield><datafield ind1=" " ind2=" " tag="042"><subfield code="a">msc</subfield></datafield><datafield ind1="0" ind2="0" tag="245"><subfield code="a">Opelika herald.</subfield></datafield><datafield ind1=" " ind2=" " tag="260"><subfield code="a">Opelika, Ala. :</subfield><subfield code="b">D. Murray MacLellan,</subfield><subfield code="c">1893-</subfield></datafield><datafield ind1=" " ind2=" " tag="300"><subfield code="a">v. ;</subfield><subfield code="c">34 cm.</subfield></datafield><datafield ind1=" " ind2=" " tag="310"><subfield code="a">Weekly</subfield></datafield><datafield ind1="0" ind2=" " tag="362"><subfield code="a">Vol. 1, no. 1 (May 20, 1893)-</subfield></datafield><datafield ind1=" " ind2=" " tag="752"><subfield code="a">United States</subfield><subfield code="b">Alabama</subfield><subfield code="c">Lee</subfield><subfield code="d">Opelika.</subfield></datafield></record>